2166 3370
161 328 196 380 VI

160 416 193 455 re,
203 396 228 445 ab
240 395 275 444 illa
284 394 406 444 diuersum?
423 393 494 459 Qod
506 395 571 443 etiarn
581 393 672 442 mouille
688 395 796 461 quosdam
811 397 917 445 Eruditos
932 400 1014 451 fatetur

161 468 297 523 Perizonius,
302 469 343 515 Or.
349 467 519 529 Babyl.p.372.vt
528 466 586 513 aliud
593 466 647 528 quid
653 465 744 512 indicari
751 468 825 528 potius
835 483 1012 533 putatent‚quam

16 569 18 572 -
87 605 89 607 ,
161 540 218 587 illam
232 555 245 584 e
259 534 878 599 terraSineatdispersronem:etsuilse,ait,Theologum
889 532 1012 597 Celebrem,

164 610 203 672 qui
212 607 323 671 duplicem
334 607 473 654 secessionem
482 621 588 665 tueretur,
598 606 643 652 hoc
656 607 690 651 vel
699 606 792 653 maxime
801 607 865 654 nixus
875 621 1011 669 argumento.

164 682 247 738 Neque
256 676 328 724 forsan
340 678 377 724 abs
386 693 409 727 re
420 676 500 735 suerit,
513 676 577 723 etiam
587 675 632 722 hoc
640 675 735 723 adiicere
746 708 753 732 ,
766 676 828 737 quod
845 678 863 724 tl
876 678 945 725 Lxx.
959 693 1011 724 cum

166 764 233 807 voces
248 762 288 813 uqa
301 760 323 794 et
334 759 382 800 m:
397 746 483 808 semper
503 746 581 805 iisdem
601 745 686 800 verbis,
701 745 771 791 modo
786 739 1010 812 decrepitum&

167 814 317 883 dspoprqdiutu
331 815 456 875 redderent,
461 815 488 862 ad
495 815 625 863 vertendum
633 812 684 873 ulte,
694 808 856 880 διαμερισθῆνοᾳ
865 816 1010 863 adhibuerint.

164 888 227 950 Qrid
240 882 298 931 aliud
308 886 361 931 ltine
374 885 471 946 colligas,
482 900 554 945 quam,
567 884 728 931 Alexandrinos
737 884 804 931 etiam
818 887 950 947 Interpretes
967 882 1011 940 2‘7!

162 954 289 1003 intellexisse
302 953 339 1010 ita,
350 967 375 999 vt
391 954 450 999 aliud
460 953 522 1014 quid,
532 969 598 1014 quam
610 952 702 999 vocibus
716 967 756 1019 lle
767 968 789 1000 et
799 965 858 1011 m,
869 953 958 1000 indicari
969 969 1011 1014 pu·

162 1036 240 1072 tarent.
275 1024 366 1084 Nempe
379 1022 478 1068 dubitare
488 1036 615 1082 quenquam
623 1021 685 1066 nullo
694 1022 765 1067 modo
774 1022 846 1070 sinunt
856 1022 952 1069 diuersae
960 1022 1011 1069 istae
1055 1053 1056 1056 =

160 1107 235 1149 voces,
248 1090 361 1136 diuersum
369 1090 411 1137 else
420 1106 430 1134 a
440 1088 578 1151 Disperfione
589 1088 728 1148 Babylonica,
741 1091 804 1150 quod
815 1091 843 1137 de
852 1091 947 1153 Phalego
957 1093 1010 1138 Mo·

159 1160 271 1208 sestradit.
305 1157 447 1213 Mirabimini,
459 1173 520 1212 vrnr
539 1159 1010 1220 xnumrrssrnr,quomodotandemsa-

161 1231 220 1279 etum
231 1230 262 1285 stt,
273 1241 297 1275 rt
308 1226 408 1273 omnium
419 1239 492 1272 tamen
501 1239 628 1288 temporum
637 1226 771 1287 Interpretes
781 1228 804 1273 in
813 1228 854 1275 hac
864 1228 1011 1290 explicatione

159 1298 315 1360 conspirarent.
351 1295 394 1341 Sed
406 1294 475 1340 facilis
487 1294 530 1340 fuit
541 1310 565 1339 ea
576 1294 600 1339 in
609 1308 633 1339 re
646 1294 733 1339 errandi
743 1294 813 1342 locus.
848 1297 936 1344 Scilicet
945 1297 1010 1344 indu-

160 1369 195 1415 xit
206 1383 244 1423 eos
254 1367 305 1421 hoc,
316 1364 379 1426 quod
388 1363 459 1410 statim
468 1363 540 1425 capite
550 1361 649 1422 sequenti
659 1360 724 1409 fusrus
735 1369 885 1426 exponeretur
897 1365 1010 1428 disperso·

160 1438 195 1484 nis
204 1434 349 1497 Babylonicae
358 1434 425 1479 ratio:
443 1448 507 1492 quarn
519 1448 570 1479 cum
583 1430 662 1477 scirent
674 1446 722 1477 non
732 1431 769 1479 diu
780 1448 829 1479 ante
842 1433 960 1495 Phelegum
975 1451 1009 1482 ac-

161 1505 249 1558 cidisse,
267 1504 299 1551 vti
309 1504 343 1550 vel
352 1501 404 1548 inde
418 1501 491 1563 colligi
502 1502 581 1563 potest,
587 1499 650 1560 quod
661 1499 792 1558 Nimrodus,
802 1503 866 1549 turris
873 1504 1010 1565 etregniBa-

160 1575 261 1637 bylonici
272 1572 383 1620 condendi
395 1570 559 1627 anelontertius
570 1569 613 1616 suit
624 1569 745 1625 aNoaclro,
752 1571 858 1633 Plralegus
864 1585 936 1618 autem
943 1573 1009 1633 quin.

163 1641 404 1705 tus,s1ueinterposrto,
414 1656 441 1686 ex
451 1641 535 1693 ratione
545 1654 617 1701 graeca
623 1672 628 1695 ,
638 1638 748 1696 Ctinane,
763 1639 835 1687 sextus
846 1659 852 1693 ;
874 1641 919 1687 hoc
934 1642 1009 1702 itaque

164 1730 215 1760 cum
225 1712 311 1769 scireut,
321 1727 369 1757 eem
379 1709 445 1772 ipsam
460 1708 613 1769 dispersionem
627 1724 638 1752 a
654 1706 716 1753 Mose
727 1708 791 1755 etiam
809 1709 845 1756 hie
859 1710 951 1757 indicari
968 1726 1009 1772 pu·
1039 1743 1043 1748 -

162 1796 272 1830 tauerunt.
305 1781 370 1826 Hanc
379 1792 451 1824 autem
461 1776 589 1822 seutentiam
599 1775 847 1837 interpretationemque
857 1786 907 1824 curn
917 1782 1009 1827 Veteres

163 1853 304 1912 Interpretes,
314 1846 394 1902 Iudaei,
408 1844 553 1908 protulissent,
563 1859 618 1898 cem,
628 1844 677 1904 quia
687 1843 708 1889 se
717 1844 819 1891 facilitate
831 1846 865 1893 sua
877 1846 940 1893 facile
946 1841 1008 1895 com&

164 1919 285 1977 mendai‘et,
295 1918 408 1980 probatam
424 1914 476 1959 irleo
494 1912 576 1960 Priscae
593 1910 699 1958 Ecclesiae
715 1913 856 1971 Dodloribus,
867 1916 1010 1966 Recentiores

155 1989 245 2044 ⁴deinde
255 1990 388 2049 Interpretee
398 1998 475 2030 omnes
485 1980 623 2044 receperunt,
629 1980 663 2040 fic,
674 1995 698 2027 vt
711 1997 771 2028 rrunc
786 1999 849 2030 verae
862 1998 884 2029 et
901 1983 1010 2045 legitimae

162 2059 237 2107 locum
248 2056 442 2114 arrdloritatemque
451 2051 556 2098 obtineat,
593 2052 649 2096 Non
659 2063 730 2117 autem
741 2049 802 2098 suilli:
808 2052 863 2099 hanc
873 2052 938 2110 Mose
948 2069 1010 2102 men-

163 2142 276 2183 temcum
287 2126 351 2173 verba
360 2123 397 2170 isla
410 2121 519 2178 scriberet,
526 2136 556 2184 'ex
565 2120 599 2181 iis,
609 2134 667 2192 queg
674 2114 745 2167 modo
759 2120 814 2168 dida
824 2119 932 2177 sunt‚satis
944 2138 1009 2186 appa·

164 2213 212 2245 rere
223 2211 288 2261 puto.
936 2255 937 2259 Ἰ

229 2269 274 2314 Iam
285 2264 351 2327 igitur
360 2262 477 2325 quaeritur,
491 2260 563 2308 verbis
573 2259 607 2307 his
623 2260 689 2308 nouis
705 2273 727 2307 et
742 2258 835 2307 insolitis
848 2263 917 2327 quien
936 2259 1009 2318 ,qm

160 2337 215 2399 quid
224 2336 279 2392 noui
288 2349 310 2382 et
323 2332 403 2381 insoliti
409 2330 482 2379 Moses
488 2331 605 2393 fignificare
611 2331 719 2378 voluerit?
735 2332 824 2392 Nempe
830 2332 946 2378 uerborum
958 2332 1009 2380 isto-

160 2423 208 2454 rum
222 2407 275 2454 haec
288 2405 321 2451 vis
331 2418 353 2450 et
359 2403 453 2465 potestas
459 2403 496 2457 est,
502 2415 532 2457 vt,
539 2399 746 2463 nondispersronem
752 2399 858 2461 gentium,
864 2399 1009 2462 sedmagnum

159 2492 228 2524 terrae
240 2474 362 2530 discidium,
371 2471 501 2519 irruentium
511 2486 615 2531 aquarum
630 2470 650 2517 vi
666 2483 689 2515 et
705 2469 789 2528 eluuie,
799 2468 866 2530 peulo
881 2484 932 2515 ante
944 2486 1008 2530 quam
1050 2499 1051 2502 =

158 2546 281 2593 nasceretur
290 2544 403 2604 Phalegus,
415 2541 451 2588 cui
460 2555 545 2588 nomen
555 2539 608 2586 iude
619 2539 688 2598 venir,
697 2538 848 2593 constitutum,
859 2537 966 2585 declarare
976 2541 1008 2586 vi·
1043 2568 1044 2571 =

160 2616 258 2662 deantur.
294 2615 366 2677 Qum
382 2610 521 2670 sementiam,
537 2623 561 2656 vt
580 2615 670 2667 voeis,
686 2623 748 2656 vini
769 2621 1008 2667 arturirurrssnur,

160 2686 261 2747 probem,
271 2700 321 2730 cum
333 2699 356 2729 ea
367 2681 390 2738 sit
404 2680 519 2727 firmiffima
529 2694 553 2725 ac
563 2678 666 2725 verissima
680 2674 805 2739 explicatio,
818 2689 874 2733 quee
886 2676 1009 2726 nitatutvsu

159 2754 273 2814 loquendi,
283 2768 304 2799 et
313 2753 336 2799 in
347 2767 389 2812 qua
400 2750 549 2797 demonstrare
559 2746 635 2810 possis,
653 2747 721 2809 vulgo
736 2743 832 2789 adhibite
848 2743 889 2790 esse
904 2747 1007 2797 vocabula

161 2838 189 2869 eo
201 2823 268 2882 sensu,
278 2838 324 2883 quo
336 2835 383 2869 tute
393 2820 498 2884 explices,
507 2817 574 2866 video
583 2817 637 2865 nihil
647 2818 708 2879 prius
718 2811 772 2861 mihi
779 2811 920 2875 antiquiusue
927 2816 1008 2865 ducen-

956 2885 1009 2937 dum

596 3001 610 3035 ,μ’
