2166 3370
68 419 115 469 tio?
133 417 219 466 Nonne
231 415 331 463 videmus
349 409 481 477 Abraarnum
498 424 520 458 et
531 412 650 471 iacobum,
667 416 726 462 Gen.
741 416 798 470 XIII.
814 431 834 474 9.
850 415 909 477 seqq.

68 489 160 536 XXVII.
170 504 192 535 u.
203 485 263 545 seqq.
285 480 354 545 longo
365 496 468 542 tempore
480 482 535 541 post,
546 481 569 526 In
578 483 690 529 itineribus
700 484 742 530 suis
748 482 815 543 ipsam
826 484 909 542 Syriam

21 615 22 618 Ἰ
69 571 92 603 et
102 558 250 606 Cananaeam,
259 551 360 611 regiones
373 549 466 594 maxime
478 545 625 611 propinquas,
640 547 692 596 nonl
698 551 768 603 modo
780 565 828 596 non
841 550 910 596 refer-

68 638 101 669 tas
110 622 203 679 incolis,
219 619 256 665 sed
271 616 333 663 valde
345 617 410 662 etiam
420 630 498 662 vacuas
507 616 632 665 offendisse?
650 618 751 679 Speciosa
767 618 846 678 vtique
861 634 911 679 ora·

56 749 58 752 ¹
68 691 109 737 tio.
147 691 229 747 Neque
239 699 281 746 ego
292 698 425 745 magnopere
435 686 600 745 contenderim,
617 686 688 732 statim
699 687 723 731 iu
733 691 811 731 omnes
821 702 855 731 eas
867 699 911 732 ter·

68 774 105 806 rae
116 769 200 818 partes,
217 750 434 817 quaememorantur
444 753 500 799 Gen.
510 755 537 801 X.
546 755 676 811 Thraciam,
691 754 814 814 Graeciam,
832 753 912 800 Insulas

69 826 133 872 maris
147 837 188 869 etc.
203 821 266 867 fuisse
276 820 401 880 migratum:
418 820 506 868 Resellit
523 824 580 869 enim
595 824 641 870 hoc
657 823 749 885 profana
763 823 864 882 historia,
885 837 913 867 ex

69 908 112 954 qua
122 885 245 944 Graeciam,
256 888 367 948 aliquanto
379 889 429 950 post
441 888 528 936 demum
541 891 632 938 habitari
644 891 746 954 coepille,
756 891 842 938 seimus.
870 893 913 937 In·

68 961 134 1008 terirn
144 973 217 1010 tamen
227 972 300 1017 neque
309 955 354 1002 hoc
364 959 437 1018 negari
447 960 532 1018 potest,
549 976 560 1006 a
569 960 697 1021 quibusdam
707 960 793 1006 familiis
810 959 859 1006 satis
878 973 913 1004 re-

59 1038 141 1077 'motas
151 1027 252 1091 regiones
264 1023 338 1076 ,statIm
357 1025 398 1071 elle
413 1040 535 1088 occupatas.
586 1028 639 1074 Satis
654 1030 753 1087 constat,
770 1027 841 1090 ipsum
853 1027 913 1074 Cha-

5 1111 19 1124 “·
69 1095 168 1154 marnis)
185 1109 236 1140 cum
245 1092 326 1145 familia
342 1093 377 1139 sua
393 1094 600 1156 ahiiffe'Aegyptum
630 1098 695 1157 (quae
711 1097 765 1142 ideo
780 1097 806 1142 ab
822 1096 913 1142 audiere
977 1140 979 1144 .

45 1175 51 1186 ”
69 1161 202 1226 suoXapaa'a
213 1162 273 1208 audit
282 1161 314 1208 Ps.
325 1163 446 1210 LXXVIII.
455 1178 482 1223 51.
497 1165 545 1211 CV.
560 1181 590 1221 23.
602 1180 666 1225 atque
679 1165 800 1212 Plutarcho¹
811 1166 835 1211 in
846 1163 912 1222 Ifide)

70 1248 207 1295 regnumque
223 1231 253 1277 ibi
263 1230 391 1287 condidisse,
408 1231 469 1277 cuius
482 1232 594 1293 antiquitas
603 1249 650 1279 uon
665 1233 753 1279 eederet
762 1233 912 1294 Babylonico:

47 1297 286 1359 '‘vudeetiamReges
300 1299 397 1362 Aegypti
416 1314 522 1346 vocantur
545 1300 588 1348 Esa.
608 1303 667 1348 XIX.
689 1319 711 1348 u.
737 1306 814 1371 zap
840 1298 912 1360 ³:572,

68 1386 134 1439 irreges
144 1365 297 1438 arariquissmair
314 1367 493 1424 eadem'ratioiae,
510 1369 541 1414 vti
551 1375 601 1429 gens
612 1369 743 1429 Babylonica
753 1372 830 1417 lerem.
841 1372 912 1427 V.‘.15.

70 1453 119 1493 mn
139 1437 247 1496 mbqun
266 1438 307 1494 saa,
321 1432 410 1506 qaaeal
422 1437 568 1496 aeteraofirit.
598 1437 679 1500 Eadem
688 1437 730 1484 suit
739 1437 913 1498 regniAssyriaci

70 1509 200 1570 antiquitas,
220 1507 283 1568 quod
293 1507 318 1552 ab
329 1507 483 1554 Alliarestatim
499 1508 549 1567 post
567 1504 717 1567 disperfionem
738 1506 855 1553 conditum
880 1507 913 1552 est

71 1579 131 1625 Gen.
148 1570 174 1624 X.
191 1594 212 1623 n.
252 1575 313 1637 Qid
322 1578 335 1634 ,¹
353 1575 415 1636 quod
425 1575 459 1622 illa
472 1574 515 1636 ipsa
525 1574 587 1629 loca,
604 1575 714 1621 Genxu.
719 1591 739 1634 9.
750 1573 796 1635 sqq.
807 1575 912 1621 XXVIII.

70 1646 145 1707 rnsqq.
155 1661 212 1707 ¹quae
222 1660 351 1707 oppugnare
362 1637 561 1690 uidenturnostram
566 1642 697 1698 senteutiam,
702 1658 748 1688 eam
756 1643 842 1704 egregie
855 1657 912 1688 con·
925 1637 931 1642 ⁶

68 1716 172 1772 firmant?
191 1708 260 1776 and
276 1713 334 1759 enim
348 1719 449 1773 ternpore
461 1711 531 1758 adhuc
545 1710 644 1757 Abraami
658 1723 679 1756 et
692 1710 766 1756 Iacobi
783 1711 808 1757 in
818 1711 913 1773 propin-

20 1799 21 1803 *
69 1784 120 1845 'quis
130 1783 271 1846 regionibus,
282 1782 343 1842 Syria
355 1796 377 1827 et
387 1783 498 1828 Cananaea
526 1779 587 1826 valde
599 1793 656 1825 rarae
668 1778 779 1840 longeque
791 1795 802 1825 a
816 1778 837 1825 se
854 1779 914 1826 inui-

71 1868 120 1899 cem
133 1854 232 1911 remotae
245 1851 305 1897 sedes
315 1850 376 1897 fuere
384 1842 513 1907 hominum,
523 1847 575 1908 quid
586 1846 641 1912 aliud
651 1846 744 1911 indicat,
763 1863 828 1907 quam
839 1847 915 1894 homi-

69 1937 109 1968 nes
120 1915 147 1968 en
156 1919 266 1968 uniuersali
276 1919 408 1980 separatione
418 1923 481 1978 quam
492 1914 610 1977 longiffime
618 1913 758 1976 latlffimeque
769 1916 855 1962 abiisse?
870 1916 915 1963 Ni-

71 1990 103 2038 hil
111 1990 185 2051 itaque
195 1988 301 2051 Impedit,
314 1983 432 2048 quonimus
444 1985 507 2031 etiam
518 1983 645 2030 Americam'
653 1983 829 2039 ,intercedente
845 1984 916 2047 inpri-

69 2060 113 2116 mis
123 2053 196 2105 diuina
210 2056 366 2118 prouidentia,
383 2047 500 2100 eiusmodi
510 2051 598 2115 colonia
616 2050 729 2112 impletam
752 2066 820 2113 atque
834 2054 916 2100 cultam

69 2126 132 2175 suiffe
144 2129 258 2174 statuamus
269 2121 327 2179 tum,
343 2138 393 2169 cum
402 2116 474 2182 Pelegi
485 2134 585 2181 tempore
595 2128 664 2186 quin
683 2117 756 2174 nahai
774 2121 797 2169 h·
811 2137 831 2171 e·
847 2124 917 2170 Ame-

16 2243 17 2246 ,
69 2196 113 2244 rica
124 2214 135 2244 a
145 2195 231 2255 reliquo
241 2206 344 2239 terrarum
361 2191 414 2236 orbe
426 2188 569 2235 diuelleretur.

138 2262 521 2324 Haecsunt,vrn1noorisstam,
539 2259 918 2321 aaar'c1'sv'ay1ssru1,quaede

70 2329 318 2393 DiuisionePhalegiana,
325 2345 352 2375 eir
362 2326 680 2387 rnerrteCl.uauean11,pro
690 2328 774 2390 ingenii
793 2330 918 2377 meitenui⁴

70 2416 127 2462 tate,
145 2393 244 2451 dill'erere
255 2398 327 2461 potui.
361 2393 458 2460 Animus
472 2392 534 2455 erat,
554 2394 638 2442 isthaec
652 2411 779 2460 argumenta
795 2413 824 2446 ex
838 2400 919 2447 ordine

536 2466 539 2471 ”
885 2466 920 2514 ad

120 2596 142 2646 ⁴)
157 2597 280 2644 „Quae'enim
290 2588 333 2632 esset
342 2590 402 2637 causa,
419 2591 470 2631 arada
475 2590 519 2643 fiant
530 2593 620 2642 raningas
628 2592 654 2631 aa
664 2588 704 2641 Efia.
718 2604 735 2640 p.
754 2595 798 2641 536.
817 2594 849 2632 Ed.
862 2592 917 2638 Fres,

173 2661 240 2697 „quate
248 2651 342 2696 Aegyptus
355 2646 413 2695 potius
425 2646 493 2682 dicatur
501 2655 548 2682 terta
561 2643 635 2687 Chami,
647 2656 701 2691 quam
710 2644 790 2689 Arabia,
807 2644 917 2688 PhoenicIa,

173 2700 293 2747 „Aethiopia‚
307 2697 361 2745 Libya
369 2697 449 2743 aliaeque
458 2704 515 2732 terrae
524 2708 533 2731 a
544 2695 632 2743 progenie
641 2694 705 2730 Chami
713 2692 798 2731 insessae?
811 2696 868 2731 Nulla
877 2707 918 2731 cer·

173 2760 213 2795 ‚,te,
224 2750 256 2786 nisi
267 2747 315 2797 quod
324 2748 399 2784 Chamus
409 2743 444 2795 ipse
457 2746 475 2782 in
485 2748 590 2794 Aegyptum
601 2744 687 2787 venerit,
704 2744 768 2791 ibique
780 2746 800 2781 in
812 2746 918 2791 Thebaide,

135 2814 136 2817 ¹
173 2801 237 2844 „sedes
249 2799 317 2841 fixerit,
330 2797 375 2835 vnde
387 2797 461 2835 Thebae
473 2797 545 2834 Eluaeis
557 2805 646 2832 vocantur
657 2804 698 2843 para
710 2803 749 2838 aaa,
762 2796 811 2835 Sedes
823 2798 919 2845 alamanis,

172 2851 195 2896 „i.
203 2863 218 2889 e.
229 2850 299 2897 Chenai,
308 2849 389 2890 Diodoro
399 2859 460 2889 autent
479 2847 537 2888 Sicula
547 2848 568 2887 L·
573 2845 587 2885 1.
592 2859 610 2897 p.
618 2858 647 2886 ιι.
656 2853 719 2893 namq,
724 2846 785 2893 χεμμώ.
899 2844 901 2849 ’
